{"leader":"03283cam a22004093i 4500",
"fields":[{"001":"on1000711469"},
{"003":"OCoLC"},
{"005":"20170930020917.2"},
{"006":"m\\\\\\\\\\o\\\\d\\\\\\\\\\\\\\\\"},
{"007":"cr\\cn|||||||||"},
{"008":"160503s2015\\\\\\\\onc\\\\\\\\\\o\\\\\\\\f000\\0\\fre\\d"},
{"040":{"ind1":"\\",
"ind2":"\\",
"subfields":[{"a":"CELBN"},
{"b":"fre"},
{"e":"rda"},
{"c":"CELBN"},
{"d":"OCLCQ"}]}},
{"028":{"ind1":"6",
"ind2":"0",
"subfields":[{"a":"10050565"},
{"b":"CaOOCEL"}]}},
{"035":{"ind1":"\\",
"ind2":"\\",
"subfields":[{"a":"(OCoLC)1000711469"}]}},
{"043":{"ind1":"\\",
"ind2":"\\",
"subfields":[{"a":"n-cnp--"}]}},
{"086":{"ind1":"1",
"ind2":"\\",
"subfields":[{"a":"A52-192\/2015F-PDF"}]}},
{"049":{"ind1":"\\",
"ind2":"\\",
"subfields":[{"a":"MAIN"}]}},
{"245":{"ind1":"0",
"ind2":"0",
"subfields":[{"a":"Stratâegie de râeduction des risques dans la lutte contre les insectes ravageurs des feuilles des grandes cultures dans les Prairies \/"},
{"c":"Programme de râeduction des risques liâes aux pesticides, Centre de la lutte antiparasitaire."}]}},
{"264":{"ind1":"\\",
"ind2":"1",
"subfields":[{"a":"[Ottawa, Ontario] :"},
{"b":"Agriculture et Agroalimentaire Canada,"},
{"c":"2015."}]}},
{"300":{"ind1":"\\",
"ind2":"\\",
"subfields":[{"a":"1 fichier PDF (10 pages)."}]}},
{"336":{"ind1":"\\",
"ind2":"\\",
"subfields":[{"a":"texte"},
{"2":"rdacontent\/fre"}]}},
{"337":{"ind1":"\\",
"ind2":"\\",
"subfields":[{"a":"âelectronique"},
{"2":"isbdmedia"}]}},
{"338":{"ind1":"\\",
"ind2":"\\",
"subfields":[{"a":"ressource en ligne"},
{"2":"rdacarrier\/fre"}]}},
{"490":{"ind1":"1",
"ind2":"\\",
"subfields":[{"a":"[Government of Canada Publications] ;"},
{"v":"A52-192\/2015F-PDF"}]}},
{"500":{"ind1":"\\",
"ind2":"\\",
"subfields":[{"a":"\"Novembre, 2015.\""}]}},
{"500":{"ind1":"\\",
"ind2":"\\",
"subfields":[{"a":"Publiâe aussi en anglais sous le titre : Reduced-risk strategy for foliar insect pests of prairie field crops."}]}},
{"516":{"ind1":"\\",
"ind2":"\\",
"subfields":[{"a":"Monographie âelectronique en format PDF."}]}},
{"520":{"ind1":"\\",
"ind2":"\\",
"subfields":[{"a":"\"Le prâesent rapport râesume le soutien du Programme de râeduction des risques liâes aux pesticides (PRRP) dans l'âelaboration de solutions de rechange áa risques râeduits pour lutter contre les insectes ravageurs des feuilles de grandes cultures, en mettant l'accent sur la râegion des Prairies. Certaines des solutions dâegagâees de ce travail pourraient s'appliquer áa d'autres râegions du Canada oáu des cultures similaires sont cultivâees. Une stratâegie pour lutter contre ces ravageurs a âetâe dâeveloppâee avec la collaboration de spâecialistes provinciaux des cultures, de chercheurs et d'intervenants de l'industrie. Les probláemes de cultures\/ravageurs les plus urgents ont âetâe choisis, des solutions ont âetâe discutâees et priorisâees, apráes quoi un plan d'action a âetâe âetabli. Le but des solutions choisies âetait de râealiser une lutte antiparasitaire viable tout en râeduisant les risques associâes aux insecticides, incluant la râesistance des insectes aux produits. Jusqu'áa maintenant, le PRRP a financâe 12 projets d'implantation de la stratâegie visant des câerâeales, le canola et la luzerne. Les ravageurs ciblâes pour ces cultures sont : les pucerons, criocáere des câerâeales, punaises du genre Lygus, charanðcon de la graine du chou et charanðcon postiche de la luzerne.\"--Sommaire, p. 3."}]}},
{"506":{"ind1":"\\",
"ind2":"\\",
"subfields":[{"a":"Access restricted to University of Saskatchewan students, faculty, and staff"}]}},
{"710":{"ind1":"2",
"ind2":"\\",
"subfields":[{"a":"Canadian Electronic Library (Online service)"}]}},
{"710":{"ind1":"1",
"ind2":"\\",
"subfields":[{"a":"Canada."},
{"b":"Agriculture et Agroalimentaire Canada."}]}},
{"710":{"ind1":"1",
"ind2":"\\",
"subfields":[{"a":"Canada."},
{"b":"Centre de la lutte antiparasitaire (Canada)"}]}},
{"710":{"ind1":"1",
"ind2":"\\",
"subfields":[{"a":"Canada."},
{"b":"Programme de râeduction des risques liâes aux pesticides (Canada)"}]}},
{"775":{"ind1":"0",
"ind2":"8",
"subfields":[{"e":"eng"},
{"t":"Reduced-risk strategy for foliar insect pests of prairie field crops"},
{"w":"(CaOODSP)9.816727"}]}},
{"830":{"ind1":"\\",
"ind2":"0",
"subfields":[{"a":"Government of Canada Publications ;"},
{"v":"A52-192\/2015F-PDF."}]}},
{"850":{"ind1":"\\",
"ind2":"\\",
"subfields":[{"a":"CaSSU"}]}},
{"856":{"ind1":"4",
"ind2":"0",
"subfields":[{"u":"http:\/\/library.usask.ca\/scripts\/remote?URL=http:\/\/www.deslibris.ca\/ID\/10050565"},
{"z":"the online version"}]}}]}